<?xml version="1.0" encoding="UTF-8"?><collection xmlns="http://www.loc.gov/MARC21/slim"><record><leader>00433nam--2200181-i-4500</leader><controlfield tag="001">000004209</controlfield><controlfield tag="002">20161230</controlfield><controlfield tag="005">20161230201025</controlfield><controlfield tag="008">060222s1000------------r-----000-0-rus-d</controlfield><datafield ind1=" " ind2=" " tag="040"><subfield code="a">IFIN-HH</subfield></datafield><datafield ind1=" " ind2=" " tag="041"><subfield code="a">rus</subfield></datafield><datafield ind1=" " ind2=" " tag="080"><subfield code="a">539.31</subfield></datafield><datafield ind1="1" ind2=" " tag="100"><subfield code="a">Markov, A.N</subfield></datafield><datafield ind1="1" ind2="0" tag="245"><subfield code="a">Kratkii kurs teorii uprugosti</subfield><subfield code="c">A.n. markov</subfield></datafield><datafield ind1=" " ind2=" " tag="260"><subfield code="a">Gorkii</subfield><subfield code="b">Universitet</subfield><subfield code="c">1960</subfield></datafield><datafield ind1=" " ind2=" " tag="300"><subfield code="a">207P</subfield></datafield><datafield ind1=" " ind2=" " tag="852"><subfield code="a">22621</subfield><subfield code="c">539.3</subfield></datafield><datafield ind1=" " ind2=" " tag="CAT"><subfield code="a">Sys</subfield><subfield code="c">20121220</subfield><subfield code="h">161535</subfield></datafield></record></collection>